<?xml version="1.0" encoding="UTF-8"?><record xmlns="http://www.loc.gov/MARC21/slim" xmlns:cinclude="http://apache.org/cocoon/include/1.0" xmlns:zs="http://www.loc.gov/zing/srw/">
  <leader>00438nz  a2200133n  4500</leader>
  <controlfield tag="001">no2010004402</controlfield>
  <controlfield tag="003">DLC</controlfield>
  <controlfield tag="005">20100113075842.0</controlfield>
  <controlfield tag="008">100111n| acannaabn          |n aaa     c</controlfield>
  <datafield tag="010" ind1=" " ind2=" ">
    <subfield code="a">no2010004402</subfield>
  </datafield>
  <datafield tag="035" ind1=" " ind2=" ">
    <subfield code="a">(OCoLC)oca08356230</subfield>
  </datafield>
  <datafield tag="040" ind1=" " ind2=" ">
    <subfield code="a">UPB</subfield>
    <subfield code="b">eng</subfield>
    <subfield code="c">UPB</subfield>
  </datafield>
  <datafield tag="100" ind1="1" ind2=" ">
    <subfield code="a">Zenger, Nicole L.</subfield>
  </datafield>
  <datafield tag="670" ind1=" " ind2=" ">
    <subfield code="a">Malingering of depression in a prison population, 2009:</subfield>
    <subfield code="b">t.p. (Nicole L. Zenger, Thesis (Ph. D.)--Brigham Young University. Dept. of Psychology)</subfield>
  </datafield>
</record>